@article{vicient2017,
  author    = {Carlos M. Vicient},
  title     = {The effect of frequency-specific sound signals on the germination of maize seeds},
  journal   = {BMC Research Notes},
  year      = {2017},
  volume    = {10},
  number    = {1},
  pages     = {323},
  doi       = {10.1186/s13104-017-2643-4},
  pmid      = {28743310},
  pmcid     = {PMC5526260},
  month     = {july},
}

@article{collins2001effect,
  title     = {The effect of sound on the growth of plants},
  author    = {Margaret E. Collins and John E. K. Foreman},
  journal   = {Canadian Acoustics},
  volume    = {29},
  number    = {2},
  pages     = {3--8},
  year      = {2001}
}

@article{altuntas2019tomato,
  title     = {The assessment of tomato fruit quality parameters under different sound waves},
  author    = {Onder Altuntas and Huseyin Ozkurt},
  journal   = {Journal of Food Science and Technology},
  volume    = {56},
  number    = {5},
  pages     = {2186--2194},
  year      = {2019},
  publisher = {Springer},
  doi       = {10.1007/s13197-019-03701-0}
}

@article{ozkurt2016,
  author    = {Halil Ozkurt and Ozlem Altuntas},
  title     = {The Effect of Sound Waves at Different Frequencies upon the Plant Element Nutritional Uptake of Snake Plant (Sansevieria Trifasciata) Plants},
  journal   = {Indian Journal of Science and Technology},
  volume    = {9},
  number    = {48},
  pages     = {1--5},
  year      = {2016},
  doi       = {10.17485/ijst/2016/v9i48/54716}
}

@article{rakic2021,
  author    = {V. Rakić and N. Poklar Ulrih},
  title     = {Influence of pH on color variation and stability of cyanidin and cyanidin 3-O-β-glucopyranoside in aqueous solution},
  journal   = {CyTA - Journal of Food},
  volume    = {19},
  number    = {1},
  pages     = {174--182},
  year      = {2021},
  doi       = {10.1080/19476337.2021.1874539}
}

@article{sorum2024tension,
  title     = {Tension activation of mechanosensitive two-pore domain K+ channels TRAAK, TREK-1, and TREK-2},
  author    = {Benjamin Sorum and Tyler Docter and Valerio Panico and others},
  journal   = {Nature Communications},
  volume    = {15},
  number    = {1},
  pages     = {3142},
  year      = {2024},
  publisher = {Springer Nature},
  doi       = {10.1038/s41467-024-47208-5}
}

@article{khait2023sounds,
  title     = {Sounds emitted by plants under stress are airborne and informative},
  author    = {Itzhak Khait and Ohad Lewin-Epstein and Raz Sharon and Nir Sade and Yossi Yovel and Lilach Hadany},
  journal   = {Cell},
  volume    = {186},
  number    = {7},
  pages     = {1328--1336.e10},
  year      = {2023},
  month     = {march},
  doi       = {10.1016/j.cell.2023.02.020},
  note      = {Open access}
}

@book{agromining2021,
  title     = {Agromining: Farming for Metals - Extracting Unconventional Resources Using Plants},
  editor    = {Antony van der Ent and Alan J.M. Baker and Guillaume Echevarria and Marie-Odile Simonnot and Jean Louis Morel},
  edition   = {2nd},
  year      = {2021},
  publisher = {Springer},
  note      = {Second edition of the pioneer book on agromining/phytomining around the globe},
}

@article{medina2024rare,
  title     = {Can rare earth elements be recovered from abandoned mine tailings by means of electrokinetic-assisted phytoextraction?},
  author    = {Medina-Díaz, Hassay Lizeth and López-Bellido, Francisco Javier and Alonso-Azcárate, Jacinto and Fernández-Morales, Francisco Jesús and Rodríguez, Luis},
  journal   = {Environmental Science and Pollution Research},
  volume    = {31},
  pages     = {26747--26759},
  year      = {2024},
  doi       = {10.1007/s11356-024-32759-3},
  note      = {Published online: 8 March 2024},
}

@article{souza2024nitrate,
  title     = {Nitrate fertilization enhances manganese phytoextraction in Tanzania guinea grass: a novel hyperaccumulator plant?},
  author    = {de Souza Junior, C. and Monteiro, F.A.},
  journal   = {Environmental Science and Pollution Research},
  volume    = {31},
  pages     = {9661--9670},
  year      = {2024},
  doi       = {10.1007/s11356-023-31548-8},
  note      = {Published online: 9 January 2024, Issue date: February 2024},
}

@incollection{katz2022genetic,
  title     = {Genetic Methods for Cellular Manipulation in \textit{C. elegans}},
  author    = {Katz, M.},
  editor    = {Haspel, G. and Hart, A.C.},
  booktitle = {\textit{C. elegans}},
  series    = {Methods in Molecular Biology},
  volume    = {2468},
  pages     = {71--91},
  year      = {2022},
  publisher = {Humana},
  address   = {New York, NY},
  doi       = {10.1007/978-1-0716-2181-3_4},
  isbn      = {978-1-0716-2180-6},
  note      = {Published 24 March 2022},
}

@article{sorum2024activacion,
  title     = {Activación por tensión de los canales de K+ de dominio de dos poros mecanosensibles TRAAK, TREK-1 y TREK-2},
  author    = {Sorum, Ben and Docter, Trevor and Panico, Vincent and Rietmeijer, Robert A. and Brohawn, Stephen G.},
  journal   = {Nature Communications},
  year      = {2024},
  doi       = {10.1038/s41467-024-47208-5},
  note      = {Published online},
}

@article{liao2021longitud,
  title     = {Longitud óptima del pulso de insonificación para la activación de Piezo1 y la respuesta del calcio intracelular},
  author    = {Liao, Defei and Hsiao, Ming Yen and Xiang, Gaoming and Zhong, Pei},
  journal   = {Scientific Reports},
  volume    = {11},
  pages     = {709},
  year      = {2021},
  doi       = {10.1038/s41598-020-78553-2},
  note      = {Published online},
  url       = {https://doi.org/10.1038/s41598-020-78553-2},
}

@article{hassanien2014avances,
  title     = {Avances en los efectos de las ondas sonoras en las plantas},
  author    = {Hassanien, Reda and Li, Bao Ming and otros},
  journal   = {Revista de Agricultura Integrativa},
  year      = {2014},
  month     = {Febrero},
  doi       = {10.1016/S2095-3119(13)60492-X},
  note      = {Publicación avanzada en línea: 2013},
}

@article{khait2023sonidos,
  title     = {Los sonidos emitidos por las plantas bajo estrés son transmitidos por el aire e informativos},
  author    = {Khait, Itzhak and Lewin-Epstein, Ohad and Grabación, Raz and Sharon, ... and Sade, Nir and Yovel, Yossi and Hadany, Lilach},
  journal   = {Cell},
  volume    = {186},
  pages     = {1328--1336},
  year      = {2023},
  month     = {March},
  doi       = {10.1016/j.cell.2023.03.009},
  note      = {Publicado por Elsevier Inc.},
}

@article{parlakova2021ultra,
  title     = {Ultra-Sonic Sound Applications Used in Seed Viability, Seedling Growth and Plant Development of Ornamentals},
  author    = {Parlakova Karagöz, F. and Dursun, A.},
  journal   = {Journal of the Institute of Science and Technology},
  volume    = {11},
  number    = {Special Issue},
  pages     = {3416--3428},
  year      = {2021},
  doi       = {10.21597/jist.1027370},
  issn      = {2146-0574},
  eissn     = {2536-4618},
  note      = {Received: 23.11.2021, Accepted: 09.12.2021},
}

@article{zapien2019generacion,
  title     = {Generación Eléctrica a Partir de la Fotosíntesis Natural; ¿Una Realidad Escalable?},
  author    = {Zapien-Rodríguez, José Manuel and Solorio-De Jesús, Bianca Azucena and Ballesteros-Pacheco, Juan Carlos and Núñez-Ayala, Frida Libertad},
  journal   = {Revista de Energías Renovables},
  volume    = {3},
  number    = {1},
  pages     = {1--6},
  year      = {2019},
  month     = {September},
  doi       = {10.35429/JRE.2019.10.3.1.6},
  note      = {Recibido: 16 de Junio, 2019; Aceptado: 30 de Septiembre, 2019},
}
